% This file was created with Citavi 6.3.0.0

%@book{ManuelMazzara.2017,
 year = {2017},
 title = {Present and Ulterior Software Engineering},
 publisher = {{Springer International Publishing}},
 editor = {{Manuel Mazzara} and {Bertrand Meyer}},
 doi = {10.1007/978-3-319-67425-4}
}

@article{Viotti:2016:CND:2911992.2926965,
 author = {Viotti, Paolo and Vukoli\'{c}, Marko},
 title = {Consistency in Non-Transactional Distributed Storage Systems},
 journal = {ACM Comput. Surv.},
 issue_date = {July 2016},
 volume = {49},
 number = {1},
 month = jun,
 year = {2016},
 issn = {0360-0300},
 pages = {19:1--19:34},
 articleno = {19},
 numpages = {34},
 url = {http://doi.acm.org/10.1145/2926965},
 doi = {10.1145/2926965},
 acmid = {2926965},
 publisher = {ACM},
 address = {New York, NY, USA},
 keywords = {Consistency, distributed storage},
} 



