% This file was created with Citavi 6.3.0.0

@book{ManuelMazzara.2017,
 year = {2017},
 title = {Present and Ulterior Software Engineering},
 publisher = {{Springer International Publishing}},
 editor = {{Manuel Mazzara} and {Bertrand Meyer}},
 doi = {10.1007/978-3-319-67425-4}
}

@inproceedings{HewittBS73:actors,
author = {Hewitt, Carl and Bishop, Peter and Steiger, Richard},
title = {A Universal Modular ACTOR Formalism for Artificial Intelligence},
year = {1973},
publisher = {Morgan Kaufmann Publishers Inc.},
address = {San Francisco, CA, USA},
booktitle = {Proceedings of the 3rd International Joint Conference on Artificial Intelligence},
pages = {235–245},
numpages = {11},
location = {Stanford, USA},
series = {IJCAI’73}
}

@book{Agha90:actors,
  author    = {Gul A. Agha},
  title     = {{ACTORS} - a model of concurrent computation in distributed systems},
  series    = {{MIT} Press series in artificial intelligence},
  publisher = {{MIT} Press},
  year      = {1990}
}

@inproceedings{HeWT14:actors,
  author    = {Jiansen He and
               Philip Wadler and
               Philip W. Trinder},
  title     = {Typecasting actors: from Akka to TAkka},
  booktitle = {SCALA@ECOOP},
  pages     = {23--33},
  publisher = {{ACM}},
  year      = {2014}
}

@article{Armstrong10:erlang,
  author    = {Joe Armstrong},
  title     = {Erlang},
  journal   = {Commun. {ACM}},
  volume    = {53},
  number    = {9},
  pages     = {68--75},
  year      = {2010}
}

@article{HallerO09:actors,
  author    = {Philipp Haller and
               Martin Odersky},
  title     = {Scala Actors: Unifying thread-based and event-based programming},
  journal   = {Theor. Comput. Sci.},
  volume    = {410},
  number    = {2-3},
  pages     = {202--220},
  year      = {2009}
}

@inproceedings{FowlerLW17:mm,
  author    = {Simon Fowler and
               Sam Lindley and
               Philip Wadler},
  title     = {Mixing Metaphors: Actors as Channels and Channels as Actors},
  booktitle = {{ECOOP}},
  series    = {LIPIcs},
  volume    = {74},
  pages     = {11:1--11:28},
  publisher = {Schloss Dagstuhl - Leibniz-Zentrum fuer Informatik},
  year      = {2017}
}

@misc{akka,
  title = {Akka: build concurrent, distributed, and resilient message-driven applications for {J}ava and {S}cala},
  year = {2020},
  url = {http://www.akka.io}
}

@article{Atkey09:parameterised,
  author    = {Robert Atkey},
  title     = {Parameterised notions of computation},
  journal   = {J. Funct. Program.},
  volume    = {19},
  number    = {3-4},
  pages     = {335--376},
  year      = {2009}
}
